%! Author = Simone Mencarelli
%! Date = 2/06/2022

@ARTICLE{DLRjournal,
    author = {Ustalli, Nertjana and Krieger, Gerhard and Villano, Michelangelo},
    journal = {IEEE Journal of Selected Topics in Applied Earth Observations and Remote Sensing},
    title = {A Low-Power, Ambiguous Synthetic Aperture Radar Concept for Continuous Ship Monitoring},
    year = {2022},
    volume = {15},
    number = {},
    pages = {1244-1255},
    doi = {10.1109/JSTARS.2021.3136935},
    sortkey = {02} }

@ARTICLE{JAN,
    author = {Krecke, Jan and Villano, Michelangelo and Ustalli, Nertjana and Austin, Andrew C. M. and Cater, John E. and Krieger, Gerhard},
    journal = {IEEE Journal of Selected Topics in Applied Earth Observations and Remote Sensing},
    title = {Detecting Ships in the New Zealand Exclusive Economic Zone: Requirements for a Dedicated SmallSat SAR Mission},
    year = {2021},
    volume = {14},
    number = {},
    pages = {3162-3169},
    doi = {10.1109/JSTARS.2021.3062858},
    sortkey = {01}
}

@INPROCEEDINGS{DLRconference,
    author = {Ustalli, Nertjana and Villano, Michelangelo and Krieger, Gerhard},
    booktitle = {2021 IEEE International Geoscience and Remote Sensing Symposium IGARSS},
    title = {Design of a Low-Cost Synthetic Aperture Radar for Continuous Ship Monitoring},
    year = {2021},
    volume = {},
    number = {},
    pages = {7872-7875},
    doi = {10.1109/IGARSS47720.2021.9553431},
    sortkey = {03}
}

@inproceedings{freeman2018design,
    title = {Design principles for smallsat {SAR}s},
    author = {Freeman, Anthony},
    year = {2018},
    publisher = {Pasadena, CA: Jet Propulsion Laboratory, National Aeronautics and Space Administration},
    sortkey = {04},
    booktitle = {in Proc. 32nd Annual AIAA/USU Conference on Small Satellites}
}

@ARTICLE{ReviewCubeSats,
    author = {Peral, Eva and Im, Eastwood and Wye, Lauren and Lee, Simon and Tanelli, Simone and Rahmat-Samii, Yahya and Horst, Stephen and Hoffman, Jim and Yun, Sang-Ho and Imken, Travis and Hawkins, David},
    journal = {Proceedings of the IEEE},
    title = {Radar Technologies for Earth Remote Sensing From CubeSat Platforms},
    year = {2018},
    volume = {106},
    number = {3},
    pages = {404-418},
    doi = {10.1109/JPROC.2018.2793179},
    sortkey = {04} }

@BOOK{Cook1967,
    title = "Radar signals: An introduction to theory and application",
    author = "Cook, Charles E and Bernfeld, Marvin",
    publisher = "Academic Press",
    year = 1967,
    address = "San Diego, CA"
}

@BOOK{curlander1991synthetic,
    title = "Synthetic aperture radar: Systems and signal processing",
    author = "Curlander, John C. and McDonough, Robert N.",
    publisher = "John Wiley \& Sons",
    year = 1991,
    address = "Nashville, TN",
    language = "en"
}

@article{moreira_tutorial,
    author = {Moreira, Alberto and Prats-Iraola, Pau and Younis, Marwan and Krieger, Gerhard and Hajnsek, Irena and Papathanassiou, Konstantinos P.},
    doi = {10.1109/MGRS.2013.2248301},
    journal = {IEEE Geoscience and Remote Sensing Magazine},
    number = {1},
    pages = {6-43},
    title = {{A} tutorial on synthetic aperture radar},
    volume = {1},
    year = {2013}
}

@misc{NZEEZ,
    author = {New Zealand Ministry for the Environment},
    howpublished = {NZ Ministry for The Environment},
    note = {({A}ccessed 2022, {O}ct 10)},
    title = {{O}ur marine environment 2019},
    url = {https://environment.govt.nz/publications/our-marine-environment-2019/},
    year = {2022}
}

@article{Interferometry,
    author = {B\"{u}rgmann, Roland and Rosen, Paul A. and Fielding, Eric J.},
    title = {Synthetic Aperture Radar Interferometry to Measure Earthâ€™s Surface Topography and Its Deformation},
    journal = {Annual Review of Earth and Planetary Sciences},
    volume = {28},
    number = {1},
    pages = {169-209},
    year = {2000},
    doi = {10.1146/annurev.earth.28.1.169},
    URL = {
    https://doi.org/10.1146/annurev.earth.28.1.169
    }
}

@inproceedings{Annalisa,
    author = {A.Tresoldi and J. Shore and A. C. M. Austin and G. S. Aglietti},
    title = {{D}evelopment of a deployable {S}ythetic {A}perture {R}adar antenna for a nanosatellite conceptual design},
    booktitle = {IAC-22,C2,2,x69097},
    year = {2022},
    URL = {https://iafastro.directory/iac/paper/id/69097/summary/},
}

@inproceedings{StriX-a,
    author = {Saito, Hirobumi and Tanaka, Koji and Mita, Mako and Akbar, Prilando Rizki and Pyne, Budhaditya and Tanaka, Masato and Onodera, Naoto and Hirokawa, Jiro and Obata, Toshihiro and Ishimura, Kosei and Watanabe, Hiromi},
    booktitle = {2021 7th Asia-Pacific Conference on Synthetic Aperture Radar (APSAR)},
    doi = {10.1109/APSAR52370.2021.9688479},
    number = {},
    pages = {1-5},
    title = {{D}evelopment and {O}rbit {D}emonstration of {S}mall {S}ynthetic {A}perture {R}adar {S}atellite},
    volume = {},
    year = {2021}
}